{
  "leader": "07841cam a2200745 i 4500",
  "fields": [
    {
      "001": "ocm06815976\\"
    },
    {
      "003": "OCoLC"
    },
    {
      "005": "20210803144607.0"
    },
    {
      "008": "800925s1981\\\\\\\\nyua\\\\\\\\\\b\\\\\\\\001\\0\\eng\\\\"
    },
    {
      "010": {
        "ind1": "\\",
        "ind2": "\\",
        "subfields": [
          {
            "a": "   80024133 "
          }
        ]
      }
    },
    {
      "040": {
        "ind1": "\\",
        "ind2": "\\",
        "subfields": [
          {
            "a": "DLC"
          },
          {
            "b": "eng"
          },
          {
            "c": "DLC"
          },
          {
            "d": "VET"
          },
          {
            "d": "NLM"
          },
          {
            "d": "MUQ"
          },
          {
            "d": "BAKER"
          },
          {
            "d": "BTCTA"
          },
          {
            "d": "NLE"
          },
          {
            "d": "DEBBG"
          },
          {
            "d": "BDX"
          },
          {
            "d": "ZWZ"
          },
          {
            "d": "GBVCP"
          },
          {
            "d": "OCLCO"
          },
          {
            "d": "OCLCF"
          },
          {
            "d": "OCLCQ"
          },
          {
            "d": "EUW"
          },
          {
            "d": "OCLCQ"
          },
          {
            "d": "UEJ"
          },
          {
            "d": "OCLCQ"
          },
          {
            "d": "QGE"
          },
          {
            "d": "OCLCQ"
          },
          {
            "d": "CCH"
          },
          {
            "d": "OCLCO"
          },
          {
            "d": "CSA"
          },
          {
            "d": "OCLCO"
          },
          {
            "d": "XFF"
          },
          {
            "d": "OCLCO"
          },
          {
            "d": "OCLCA"
          },
          {
            "d": "LUN"
          },
          {
            "d": "ZIH"
          }
        ]
      }
    },
    {
      "015": {
        "ind1": "\\",
        "ind2": "\\",
        "subfields": [
          {
            "a": "GB8118185"
          },
          {
            "2": "bnb"
          }
        ]
      }
    },
    {
      "015": {
        "ind1": "\\",
        "ind2": "\\",
        "subfields": [
          {
            "a": "B8118185"
          }
        ]
      }
    },
    {
      "016": {
        "ind1": "7",
        "ind2": "\\",
        "subfields": [
          {
            "a": "8103938"
          },
          {
            "2": "DNLM"
          }
        ]
      }
    },
    {
      "019": {
        "ind1": "\\",
        "ind2": "\\",
        "subfields": [
          {
            "a": "7739971"
          },
          {
            "a": "1166954370"
          }
        ]
      }
    },
    {
      "020": {
        "ind1": "\\",
        "ind2": "\\",
        "subfields": [
          {
            "a": "0808913158"
          }
        ]
      }
    },
    {
      "020": {
        "ind1": "\\",
        "ind2": "\\",
        "subfields": [
          {
            "a": "9780808913153"
          }
        ]
      }
    },
    {
      "035": {
        "ind1": "\\",
        "ind2": "\\",
        "subfields": [
          {
            "a": "(OCoLC)6815976"
          },
          {
            "z": "(OCoLC)7739971"
          },
          {
            "z": "(OCoLC)1166954370"
          }
        ]
      }
    },
    {
      "050": {
        "ind1": "0",
        "ind2": "0",
        "subfields": [
          {
            "a": "RC455.4.P78"
          },
          {
            "b": "S66"
          }
        ]
      }
    },
    {
      "060": {
        "ind1": "0",
        "ind2": "0",
        "subfields": [
          {
            "a": "WM 141"
          },
          {
            "b": "S741 1977"
          }
        ]
      }
    },
    {
      "082": {
        "ind1": "0",
        "ind2": "0",
        "subfields": [
          {
            "a": "616.89"
          },
          {
            "b": "SPE"
          }
        ]
      }
    },
    {
      "083": {
        "ind1": "0",
        "ind2": "\\",
        "subfields": [
          {
            "a": "Mentally ill persons. Speech disorders. Diagnosis"
          }
        ]
      }
    },
    {
      "090": {
        "ind1": "\\",
        "ind2": "\\",
        "subfields": [
          {
            "a": "RC455.4.P78"
          },
          {
            "b": "S66 1981"
          }
        ]
      }
    },
    {
      "245": {
        "ind1": "0",
        "ind2": "0",
        "subfields": [
          {
            "a": "Speech evaluation in psychiatry /"
          },
          {
            "c": "edited by John K. Darby ; principal scientific consultants, Michael H.L. Hecker, scientific consultants, Gavin Andrews [and others]."
          }
        ]
      }
    },
    {
      "260": {
        "ind1": "\\",
        "ind2": "\\",
        "subfields": [
          {
            "a": "New York :"
          },
          {
            "b": "Grune & Stratton,"
          },
          {
            "c": "\u00a91981."
          }
        ]
      }
    },
    {
      "300": {
        "ind1": "\\",
        "ind2": "\\",
        "subfields": [
          {
            "a": "xii, 416 pages :"
          },
          {
            "b": "illustrations ;"
          },
          {
            "c": "24 cm"
          }
        ]
      }
    },
    {
      "336": {
        "ind1": "\\",
        "ind2": "\\",
        "subfields": [
          {
            "a": "text"
          },
          {
            "b": "txt"
          },
          {
            "2": "rdacontent"
          }
        ]
      }
    },
    {
      "337": {
        "ind1": "\\",
        "ind2": "\\",
        "subfields": [
          {
            "a": "unmediated"
          },
          {
            "b": "n"
          },
          {
            "2": "rdamedia"
          }
        ]
      }
    },
    {
      "338": {
        "ind1": "\\",
        "ind2": "\\",
        "subfields": [
          {
            "a": "volume"
          },
          {
            "b": "nc"
          },
          {
            "2": "rdacarrier"
          }
        ]
      }
    },
    {
      "504": {
        "ind1": "\\",
        "ind2": "\\",
        "subfields": [
          {
            "a": "Includes bibliographical references and index."
          }
        ]
      }
    },
    {
      "505": {
        "ind1": "0",
        "ind2": "\\",
        "subfields": [
          {
            "a": "Part I: SPEECH BEHAVIOR AND METHODS OF EVALUATION -- I. Speech Science -- 1. Speech Behavior as a Communication Process- The sounds of speech; linguistic phonetics; prosodic and paralinguistic features; speech production and perception; the nonlinguistic domain; patterns of meaning; the communication process / Diana Van Lancke, Ph.D. -- 2. The Nonlinguistic Components of Speech- The carrier nature of speech; inherent information; voluntary modifications of the voice / John J. Ohala, Ph.D. -- 3. Describing the Normal Voice- Preliminary analytic concepts; problems in the standardization of voice terminology; the description of phonetic settings in voice quality; the relation between phonetic description and organic factors; conclusion / John Laver, Ph.D., Robert Hanson, Ph.D. -- 4. Analog Instrumentation for Acoustic Speech Analysis- Instrumental approaches; fundamental frequency analysis; vocal jitter; wave composition-spectrography; intensity analysis; temporal measures; computers / Harry Hollien, Ph.D. -- 5. Acoustic Analysis and Computer Systems- Digitization of speech; digital filtering; spectral analysis; linear prediction; other speech analysis techniques; conclusion / Jared J. Wolf, Ph.D."
          }
        ]
      }
    },
    {
      "505": {
        "ind1": "0",
        "ind2": "\\",
        "subfields": [
          {
            "a": "Part II: SPEECH EVALUATION IN PSYCHIATRY -- II. Speech Behavior Associated with Normal Personality -- 6. Speech Behavior and Personality- Basic theoretical assumptions; the nature and measurement of major speech cues; empirical results on personality correlates of speech; voice and speech markers of extraversion; conclusion / Klaus R. Scherer, Ph.D., Ursula Scherer, Dipl.-Volksw.soz.wiss. Richtg. -- 7. The Fahrman Inventory of Speech Characteristics (FISC)- Background; administration and scoring of the FISC; dimensions of the FISC; distributions of ratings and interlistener agreement; potential applications / Michael H.L. Hecker, Ph.D. -- 8. Vocal Style and the Process of Psychotherapy- Research program at the University of Chicago; the client vocal quality classification system; research on client vocal quality; clinical applications; vocal cues, speech production, and cognitive processing; future directions / Laura N. Rice, Ph.D., Conrad J. Koke, Ph.D. -- III. Speech Variability and Emotion -- 9. Vocal Indicators of Stress- The effects of stress on speech production; empirical studies on vocal correlates of stress; evidence on vocal indicators of stress; conclusion / Klaus R. Scherer, Ph.D. -- 10. Speech and Emotional States- The nature and functions of emotion; the components of emotional states; affect vocalizations in animals and man; review of findings on acoustic correlates of emotion in speech; recognition of emotion from speech; conclusion / Klaus R. Scherer, Ph.D. -- 11. Vocal Correlates of Emotional States- Some physiological considerations; review of selected studies; conclusion / Carl E. Williams, Ph.D., Kenneth N. Stevens, D.Sc."
          }
        ]
      }
    },
    {
      "505": {
        "ind1": "0",
        "ind2": "\\",
        "subfields": [
          {
            "a": "IV. Speech Behavior Associated with Character Disturbances and Neuroses -- 12. The Relevance of Voice in Forensic Psychiatric Evaluations- Differential diagnosis; speech behavior and psychopathology; conclusion / Bernard L. Diamond, M.D. -- V. Speech Behavior Associated with Psychotic Disturbances -- 13. Speech and Voice Studies in Psychiatric Populations- Psychiatry and speech science; childhood psychosis; schizophrenia; affective disorders; mixed population studies; comparative studies; conclusion / John K. Darby, M.D. -- 14. Disorders of Language in Childhood Psychosis: Current Concepts and Approaches- Approaches to the study of speech and language disturbances in childhood psychosis; abilities and abnormalities of interest in the context of language; conclusion / Christiane A.M. Baltaxe, Ph.D., James Q. Simmons, III, M.D. -- 15. Speech and Schizophrenia- History and definitions of schizophrenia; primary and secondary disturbances in schizophrenia; schizophrenia and communication; acquisition of pathological speech; the inner speech of schizophrenia; conclusion / Peter F. Ostwald, M.D. -- 16. Spoerri's Descriptions of Psychotic Speech- Editor's preface; Spoerri's methods and concepts; case studies: language destruction; case studies: language reduction; case studies: neoformation of language; case studies: unique linguistic phenomena; characteristic features of Spoerri's research / Hemmo Muller-Suur, M.D. -- 17. Speech and Disturbances of Affect- Definition of clinical terms; acoustical features of voice; encoding of emotional arousal; encoding of flat affect; mechanisms of \"normal\" emphasis; flat affect and depression; encoding of moods; conclusion / Murray Alpert, Ph.D. -- 18. Speech and Psychopharmacology- Site and action of psychoactive drugs; effects of psychoactive drugs on speech; possible directions of further research / Stanley Feldstein, Ph.D., Herbert Weingartner, Ph.D."
          }
        ]
      }
    },
    {
      "650": {
        "ind1": "\\",
        "ind2": "0",
        "subfields": [
          {
            "a": "Mentally ill"
          },
          {
            "x": "Language"
          },
          {
            "x": "Evaluation."
          }
        ]
      }
    },
    {
      "650": {
        "ind1": "\\",
        "ind2": "0",
        "subfields": [
          {
            "a": "Speech disorders"
          },
          {
            "x": "Evaluation."
          }
        ]
      }
    },
    {
      "650": {
        "ind1": "\\",
        "ind2": "2",
        "subfields": [
          {
            "a": "Mental Disorders"
          },
          {
            "x": "diagnosis."
          },
          {
            "0": "https://id.nlm.nih.gov/mesh/D001523Q000175"
          }
        ]
      }
    },
    {
      "650": {
        "ind1": "\\",
        "ind2": "2",
        "subfields": [
          {
            "a": "Speech Disorders"
          },
          {
            "x": "diagnosis."
          },
          {
            "0": "https://id.nlm.nih.gov/mesh/D013064Q000175"
          }
        ]
      }
    },
    {
      "650": {
        "ind1": "\\",
        "ind2": "2",
        "subfields": [
          {
            "a": "Verbal Behavior."
          },
          {
            "0": "https://id.nlm.nih.gov/mesh/D014705"
          }
        ]
      }
    },
    {
      "650": {
        "ind1": "\\",
        "ind2": "2",
        "subfields": [
          {
            "a": "Voice."
          },
          {
            "0": "https://id.nlm.nih.gov/mesh/D014831"
          }
        ]
      }
    },
    {
      "650": {
        "ind1": "\\",
        "ind2": "2",
        "subfields": [
          {
            "a": "Voice Quality."
          },
          {
            "0": "https://id.nlm.nih.gov/mesh/D014833"
          }
        ]
      }
    },
    {
      "650": {
        "ind1": "\\",
        "ind2": "6",
        "subfields": [
          {
            "a": "Malades mentaux"
          },
          {
            "x": "Langage"
          },
          {
            "x": "E\u0301valuation."
          }
        ]
      }
    },
    {
      "650": {
        "ind1": "\\",
        "ind2": "6",
        "subfields": [
          {
            "a": "Langage, Troubles du"
          },
          {
            "x": "E\u0301valuation."
          }
        ]
      }
    },
    {
      "650": {
        "ind1": "\\",
        "ind2": "7",
        "subfields": [
          {
            "a": "Mentally ill"
          },
          {
            "x": "Language"
          },
          {
            "x": "Evaluation."
          },
          {
            "2": "fast"
          },
          {
            "0": "(OCoLC)fst01016748"
          }
        ]
      }
    },
    {
      "650": {
        "ind1": "\\",
        "ind2": "7",
        "subfields": [
          {
            "a": "Speech disorders"
          },
          {
            "x": "Evaluation."
          },
          {
            "2": "fast"
          },
          {
            "0": "(OCoLC)fst01129197"
          }
        ]
      }
    },
    {
      "650": {
        "ind1": "\\",
        "ind2": "7",
        "subfields": [
          {
            "a": "Patholinguistik"
          },
          {
            "2": "gnd"
          }
        ]
      }
    },
    {
      "650": {
        "ind1": "\\",
        "ind2": "7",
        "subfields": [
          {
            "a": "Psychisch Kranker"
          },
          {
            "2": "gnd"
          }
        ]
      }
    },
    {
      "650": {
        "ind1": "\\",
        "ind2": "7",
        "subfields": [
          {
            "a": "Sprechakt"
          },
          {
            "2": "gnd"
          }
        ]
      }
    },
    {
      "650": {
        "ind1": "\\",
        "ind2": "7",
        "subfields": [
          {
            "a": "Aufsatzsammlung"
          },
          {
            "2": "gnd"
          }
        ]
      }
    },
    {
      "650": {
        "ind1": "\\",
        "ind2": "7",
        "subfields": [
          {
            "a": "Voix"
          },
          {
            "x": "Congres."
          },
          {
            "2": "ram"
          }
        ]
      }
    },
    {
      "650": {
        "ind1": "\\",
        "ind2": "7",
        "subfields": [
          {
            "a": "Qualite\u0301 de la voix"
          },
          {
            "x": "Congres."
          },
          {
            "2": "ram"
          }
        ]
      }
    },
    {
      "650": {
        "ind1": "0",
        "ind2": "7",
        "subfields": [
          {
            "a": "Aufsatzsammlung."
          },
          {
            "2": "swd"
          }
        ]
      }
    },
    {
      "650": {
        "ind1": "0",
        "ind2": "7",
        "subfields": [
          {
            "a": "Patholinguistik."
          },
          {
            "2": "swd"
          }
        ]
      }
    },
    {
      "650": {
        "ind1": "0",
        "ind2": "7",
        "subfields": [
          {
            "a": "Psychisch Kranker."
          },
          {
            "2": "swd"
          }
        ]
      }
    },
    {
      "650": {
        "ind1": "0",
        "ind2": "7",
        "subfields": [
          {
            "a": "Sprechakt."
          },
          {
            "2": "swd"
          }
        ]
      }
    },
    {
      "653": {
        "ind1": "\\",
        "ind2": "0",
        "subfields": [
          {
            "a": "psychiatry"
          }
        ]
      }
    },
    {
      "653": {
        "ind1": "\\",
        "ind2": "0",
        "subfields": [
          {
            "a": "speech evaluation"
          }
        ]
      }
    },
    {
      "655": {
        "ind1": "\\",
        "ind2": "2",
        "subfields": [
          {
            "a": "Congress."
          },
          {
            "0": "https://id.nlm.nih.gov/mesh/D016423"
          }
        ]
      }
    },
    {
      "655": {
        "ind1": "\\",
        "ind2": "4",
        "subfields": [
          {
            "a": "Aufsatzsammlung."
          }
        ]
      }
    },
    {
      "655": {
        "ind1": "\\",
        "ind2": "4",
        "subfields": [
          {
            "a": "Conference proceedings."
          }
        ]
      }
    },
    {
      "700": {
        "ind1": "1",
        "ind2": "\\",
        "subfields": [
          {
            "a": "Darby, John K."
          }
        ]
      }
    },
    {
      "776": {
        "ind1": "0",
        "ind2": "8",
        "subfields": [
          {
            "i": "Online version:"
          },
          {
            "t": "Speech evaluation in psychiatry."
          },
          {
            "d": "New York : Grune & Stratton, \u00a91981"
          },
          {
            "w": "(OCoLC)557519096"
          }
        ]
      }
    },
    {
      "776": {
        "ind1": "0",
        "ind2": "8",
        "subfields": [
          {
            "i": "Online version:"
          },
          {
            "t": "Speech evaluation in psychiatry."
          },
          {
            "d": "New York : Grune & Stratton, \u00a91981"
          },
          {
            "w": "(OCoLC)608962371"
          }
        ]
      }
    },
    {
      "994": {
        "ind1": "\\",
        "ind2": "\\",
        "subfields": [
          {
            "a": "Z0"
          },
          {
            "b": "NYRVC"
          }
        ]
      }
    },
    {
      "948": {
        "ind1": "\\",
        "ind2": "\\",
        "subfields": [
          {
            "h": "NO HOLDINGS IN NYRVC - 239 OTHER HOLDINGS"
          }
        ]
      }
    },
    {
      "999": {
        "ind1": "\\",
        "ind2": "\\",
        "subfields": [
          {
            "a": "No barcode"
          }
        ]
      }
    }
  ]
}